<record><leader>00000cas a22000007a 4500</leader><controlfield tag="001">19544543</controlfield><controlfield tag="008">890413d18931898mouwr ne      0    0eng d</controlfield><datafield ind1=" " ind2=" " tag="010"><subfield code="a">sn 89066444 </subfield></datafield><datafield ind1=" " ind2=" " tag="040"><subfield code="a">MQN</subfield><subfield code="b">eng</subfield><subfield code="c">MQN</subfield><subfield code="d">OCLCQ</subfield></datafield><datafield ind1=" " ind2=" " tag="042"><subfield code="a">msc</subfield></datafield><datafield ind1="0" ind2=" " tag="130"><subfield code="a">Missouri Democrat (Boonville, Mo. : 1893 : Weekly)</subfield></datafield><datafield ind1="1" ind2="0" tag="245"><subfield code="a">Missouri Democrat.</subfield></datafield><datafield ind1=" " ind2=" " tag="260"><subfield code="a">Boonville, Mo. :</subfield><subfield code="b">Switzler &amp; Wright,</subfield><subfield code="c">1893-1898.</subfield></datafield><datafield ind1=" " ind2=" " tag="300"><subfield code="a">v.</subfield></datafield><datafield ind1=" " ind2=" " tag="310"><subfield code="a">Weekly</subfield></datafield><datafield ind1="0" ind2=" " tag="362"><subfield code="a">Vol. 16, no. 38 (July 7, 1893)-v. 18, no. 3 (Nov. 2, 1894).</subfield></datafield><datafield ind1=" " ind2=" " tag="500"><subfield code="a">Published by William Switzler, Jan. 1, 1894-</subfield></datafield><datafield ind1=" " ind2="4" tag="651"><subfield code="a">Boonville (Mo.)</subfield><subfield code="v">Newspapers.</subfield></datafield><datafield ind1=" " ind2=" " tag="752"><subfield code="a">United States</subfield><subfield code="b">Missouri</subfield><subfield code="c">Cooper</subfield><subfield code="d">Boonville.</subfield></datafield><datafield ind1="0" ind2="0" tag="780"><subfield code="t">Cooper County Democrat</subfield><subfield code="w">(DLC)sn 89066443</subfield></datafield><datafield ind1="0" ind2="0" tag="785"><subfield code="t">Boonville, Missouri, Democrat</subfield><subfield code="w">(DLC)sn 93060233</subfield></datafield><datafield ind1="1" ind2=" " tag="029"><subfield code="a">AU@</subfield><subfield code="b">000020551094</subfield></datafield></record>